
@book{Arato1997,
editor = {Arato, Andrew and Gephardt, Eike},
title = {Essential Frankfurt School Reader},
isbn = {0826401945},
url = {},
year = {1997},
publisher = {Continuum},
address = {London, England, UK},
}

@book{Atkins2006,
editor = {Atkins, Robert and Mintcheva, Svetlana},
title = {Censoring Culture: Contemporary Threats to Free Expression},
isbn = {1595580506},
url = {http://www.thenewpress.com/index.php?option=com_title&task=view_title&metaproductid=1028},
year = {2006},
publisher = {New Press},
address = {New York, new York, USA},
}

@misc{BAJ2007,
title = {Editorial},
author = {Robert Simon},
howpublished = {The British Art Journal Vol. IV no. 3},
year = {2007},
}

@book{Benkler2006,
author = {Benkler, Yochai},
title = {The Wealth of Networks : How Social Production Transforms Markets and Freedom},
isbn = {0300110561},
url = {http://www.benkler.org/wealth_of_networks/index.php},
year = {2006},
publisher = {Yale University Press},
address = {New Haven, Conetticut, USA},
}

@book{Berlin2002,
author = {Berlin, Isaiah},
title = {Liberty},
isbn = {019924989X},
year = {2002},
publisher = {Oxford University Press},
address = {Oxford, England, UK},
}

@book{Bolter1984,
author = {Bolter, J. David},
title = {Turing's Man: Western Culture in the Computer Age},
isbn = {0807841080},
year = {1984},
publisher = {University Of North Carolina Press},
address = {Chapel Hill, North Carolina, USA},
}

@misc{Brooker2006,
author = {Charlie Brooker },
title = {Supposing ... Sandi Thom is the musical antichrist},
howpublished = {The Guardian},
year = {2006},
url = {http://www.guardian.co.uk/Columnists/Column/0,,1793784,00.html},
retrieved = {8th February 2008},
}

@book{Bourriaud2002,
author = {Bourriaud, Nicolas},
title = {Relational Aesthetics},
isbn = {2840660601},
year = {2002},
publisher = { Le Press du RÃ©el},
address = {Paris, France},
}

@book{Cabanne1987,
editor = {Cabanne, Pierre},
title = {Dialogues With Marcel Duchamp},
year = {1987},
isbn = {0306803038},
publisher = {Da Capo Press, Inc},
address = {Cambridge, Massachusetts, USA},
}

@book{DiBona1999,
editor = {DiBona, Chris and Ockman, Sam and Stone, Mark},
title = {Open Sources: Voices from the Open Source Revolution},
year = {1999},
isbn = {1565925823},
url= {http://www.oreilly.com/catalog/opensources/},
publisher = {O'Reilly \& Associates, Inc.},
address = {Sebastopol, California, USA},
}

@book{Francis2006,
editor = {Francis, Mary Anne and Vishmidt, Marina and Walsh, Jo},
title = {Media Mutandis: A NODE.London Reader - A Survey of Media Arts, Technologies and Politics},
year = {2006},
isbn = {0955243505},
url= {http://publication.nodel.org/},
publisher = {Node.London},
address = {London, England, UK},
}

@book{Ghosh2007,
editor = {Rishab Aiyer Ghosh},
title = {CODE: Collaborative Ownership and the Digital Economy},
year = {2007},
isbn = {0262573261},
publisher = {MIT Press},
address = {Cambridge, Massachusetts, USA},
}

@book{Harold2007,
title={OurSpace: Resisting the Corporate Control of Culture},
author={Harold, Christine},
isbn={0816649545},
url={http://www.upress.umn.edu/Books/H/harold_ourspace.html},
year={2007},
publisher={University Of Minnesota Press},
address={Minneapolis, Minnesota, US},
}

@misc{Januszczak2005,
author = {Waldemar Januszczak},
title = {The Sistine Chapel has a secret},
howpublished = {The Times},
year = {2005},
url = {http://entertainment.timesonline.co.uk/tol/arts_and_entertainment/article519437.ece},
retrieved = {15th January 2008},
address={London, England, UK}
}

@book{Lessig2004,
author = {Lawrence Lessig},
title = {Free Culture: How Big Media Uses Technology and the Law to Lock Down Culture and Control Creativity},
year = {2004},
isbn = {1594200068},
url = {http://www.free-culture.cc/},
publisher = {The Penguin Press},
address = {New York, New York, USA},
}

@book{Liu2004,
title={The Laws of Cool: Knowledge Work and the Culture of Information},
author={Liu, Harold},
isbn={0226486990},
url={http://www.press.uchicago.edu/cgi-bin/hfs.cgi/00/16122.ctl},
year={2004},
publisher={University Of Chicago Press},
address={Chicago, Illinois, US},
}

@book{Mauss2001,
author = {Mauss, Marcel},
title = {The Gift - The Form and Reason for Exchange in Archaic Societies},
year = {2001},
isbn = {9780415267496},
url= {http://www.routledge.com/books/The-Gift-isbn9780415267496},
publisher = {Routledge},
address = {Oxford, England, UK},
}

@book{McClean2002,
author = {McClean, Daniel and Schubert, Karsten},
title = {Dear Images: art, copyright and culture},
year = {2002},
isbn = {0954171020},
publisher = {ICA and Ridinghouse},
address = {London, England, UK},
}

@book{Miller2004,
author = {Paul D. Miller aka Dj Spooky that Subliminal Kid},
title = {Rhythm Science},
year = {2004},
isbn = {026263287X},
publisher = {MIT Press},
address = {Cambridge, Massachusetts, USA},
}

@misc{Negativland1998,
author = {Negativland},
title = {Negativland's Tenets of Free Appropriation},
howpublished = {http://negativland.com/riaa/tenets.html},
year = {1998?},
}

@book{Negativland2005,
author = {Negativland},
title = {Two relationships to a cultural public domain},
note = {Included with the CD ``No Business''},
year = {2005},
publisher = {Seeland MediaMedia},
address = {California, USA},
}

@misc{OReilly2002,
author = {O'Reilly, Tim},
title = {Piracy is Progressive Taxation, and Other Thoughts on the Evolution of Online Distribution},
howpublished = {http://www.openp2p.com/pub/a/p2p/2002/12/11/piracy.html},
year = {2002},
url = {http://www.openp2p.com/pub/a/p2p/2002/12/11/piracy.html},
retrieved = {8th February 2008},
}

@book{Popper2002,
author = {Popper, Karl},
title = {The Open Society And Its Enemies, The Spell of Plato},
year = {2002},
isbn = {9780415237314},
url = {http://www.routledge.com/books/The-Open-Society-and-its-Enemies-isbn9780415237314},
publisher = {Routledge},
address = {Oxford, UK},
} 


@book{Raymond1999,
author = {Eric S. Raymond},
title = {The  Cathedral and the Bazaar},
year = {1999},
isbn = {1565927249},
url = {},
publisher = {O'Reilly \& Associates, Inc.},
address = {Sebastopol, California, USA},
} 

@book{Stallman2002,
author = {Stallman, Richard  M.},
title = {Free Software, Free Society: Selected Essays of Richard M. Stallman},
year = {2002},
isbn = {1882114981},
url = {http://www.gnu.org/doc/book13.html},
publisher = {Free Software Foundation},
address = {Boston, Massachusetts, USA},
}

@Article{Stallman:1985:GM,
  author =       "Richard Stallman",
  title =        "The {GNU} Manifesto",
  journal =      j-DDJ,
  volume =       "10",
  number =       "3",
  pages =        "30--??",
  month =        mar,
  year =         "1985",
  CODEN =        "DDJOEB",
  ISSN =         "1044-789X",
  bibdate =      "Mon Sep 2 09:09:39 MDT 1996",
  bibsource =    "http://www.ddj.com/index/author/index.htm",
  acknowledgement = ack-nhfb,
}